@BOOK{Ablowitz_Segur,
 AUTHOR = {Mark J. Ablowitz and Harvey Segur},
 TITLE = "{Solitons and the Inverse Scattering Transform}",
 PUBLISHER = {SIAM},
 ADDRESS = {Philadelphia},
 YEAR={1981},
 LCCN={QA927.A34}
 }


@BOOK{Allison_2000,
 AUTHOR = {Allison, A.},
 TITLE = "{Japanese mothers and obentos: The lunch box as ideological state apparatus. In Permitted and Prohibited Desires: Mothers, Comics, and Censorship in Japan}",
 PUBLISHER = {University of California Press},
 ADDRESS = {Berkeley},
 YEAR={2000},
 LCCN={}
 }

@BOOK{,
 AUTHOR = {},
 TITLE = "{}",
 PUBLISHER = {},
 ADDRESS = {},
 YEAR={},
 LCCN={}
 }

@BOOK{,
 AUTHOR = {},
 TITLE = "{}",
 PUBLISHER = {},
 ADDRESS = {},
 YEAR={},
 LCCN={}
 }

@INPROCEEDINGS{Keller_1970,
 AUTHOR={Herbert B. Keller},
 TITLE="{A New Difference Scheme for Parabolic Problems}",
 AUTHOR = {Bert Hubbard},
 BOOKTITLE = "{Numerical Solution of Partial Differential Equations -- II. SYNSPADE 1970}",
 PUBLISHER = {Academic Press},
 ADDRESS = {New York},
 YEAR={1971},
 PAGES={327--350},
 LCCN={QA374.S94 2d}
 }

@INPROCEEDINGS{,
 AUTHOR={},
 TITLE="{}",
 AUTHOR = {},
 BOOKTITLE = "{}",
 PUBLISHER = {},
 ADDRESS = {},
 YEAR={},
 PAGES={},
 LCCN={}
 }

@INPROCEEDINGS{,
 AUTHOR={},
 TITLE="{}",
 AUTHOR = {},
 BOOKTITLE = "{}",
 PUBLISHER = {},
 ADDRESS = {},
 YEAR={},
 PAGES={},
 LCCN={}
 }

@ARTICLE{Ascher_McLachlan_2004,
 AUTHOR={Uri M. Ascher and Robert I. McLachlan},
 TITLE="{Multisymplectic box scheme and the {Kortweg--de Vries} equation}",
 JOURNAL={Applied Numerical Mathematics},
 VOLUME={48},
 PAGES={255-269},
 YEAR={2004}
 }

@ARTICLE{,
 AUTHOR={},
 TITLE="{}",
 JOURNAL={},
 VOLUME={},
 PAGES={},
 YEAR={}
 }

@ARTICLE{,
 AUTHOR={},
 TITLE="{}",
 JOURNAL={},
 VOLUME={},
 PAGES={},
 YEAR={}
 }

@ARTICLE{,
 AUTHOR={},
 TITLE="{}",
 JOURNAL={},
 VOLUME={},
 PAGES={},
 YEAR={}
 }

@ARTICLE{,
 AUTHOR={},
 TITLE="{}",
 JOURNAL={},
 VOLUME={},
 PAGES={},
 YEAR={}
 }

@ARTICLE{,
 AUTHOR={},
 TITLE="{}",
 JOURNAL={},
 VOLUME={},
 PAGES={},
 YEAR={}
 }

@ARTICLE{,
 AUTHOR={},
 TITLE="{}",
 JOURNAL={},
 VOLUME={},
 PAGES={},
 YEAR={}
 }
