
@BOOK{IA,
 AUTHOR = "{Iooss G., Adelmeyer, M.}",
 TITLE = "{Topics in Bifurcation Theory and Applications}",
 PUBLISHER = {World Scientific},
 ADDRESS = {Singapore},
 YEAR={1998},
 ISBN={981-02-3728-6}
 }

@BOOK{blah,
 AUTHOR = "{Iooss G., Adelmeyer, M.}",
 TITLE = "{Topics in Bifurcation Theory and Applications}",
 PUBLISHER = {World Scientific},
 ADDRESS = {Singapore},
 YEAR={1998},
 LCCN={QA927.A34}
 }


@ARTICLE{Ostrovsky,
AUTHOR="{Ostrovsky LA}",
TITLE="{Nonlinear internal waves in a rotating ocean}",
JOURNAL="{Okeanologia}",
YEAR={1978},
VOLUME={18},
PAGES={181-191}
}

@ARTICLE{Roy1,
 AUTHOR = "{S. Roy Choudhury}",
 TITLE = "{Solitary-wave families of the Ostrovsky equation: An approach via reversible systems theory and normal forms }",
 JOURNAL = {Elsevier},
 YEAR={2007},
 PAGES={1468-1479}
 }


